%% ASCII only
@book{knuth86,
  author    = "Donald E. Knuth",
  title     = "The \TeX book",
  publisher = "Addison-Wesley",
  year      = 1986,
}

%% Latin-1
@book{björk2020,
  author    = "Tomas Björk",
  title     = "Arbitrage Theory in Continuous Time",
  publisher = "Oxford University Press",
  year      = 2020,
}

%% 日本人姓名；読み仮名つき
@book{platexbook,
  author    = "中野 賢",
  yomi      = "Ken Nakano",
  title     = "日本語{\LaTeXe}ブック",
  publisher = "アスキー",
  year      = 1996,
}

%% ギリシャ文字；ニコス・カザンザキス「饗宴」
@book{nikos,
  author    = "Νίκος Καζαντζάκης",
  yomi      = "Nikos Kazantzakis",
  title     = "Συμπόσιον",
  publisher = "京緑社",
  year      = 2020,
}

%% ハングル：金萬重「九雲夢」
@book{gim,
  author    = "김 만중",
  yomi      = "Gim Manjung",
  title     = "구운몽",
  publisher = "高麗書林",
  year      = 1975,
}

%% 日本語文献；著者は非・日本人
@book{Boswell-2012,
  author     = {Boswell, Dustin and Foucher, Trevor},
  title      = {リーダブルコード ―より良いコードを書くためのシンプルで実践的
                なテクニック (Theory in practice) },
  year       = 2012,
  publisher  = {オライリージャパン},
  translator = {角 征典},
  language   = {ja},
  yomi       = {ぼすうぇる}
}
